<?xml version="1.0" encoding="UTF-8"?><record xmlns="http://www.loc.gov/MARC21/slim" xmlns:cinclude="http://apache.org/cocoon/include/1.0" xmlns:zs="http://www.loc.gov/zing/srw/">
  <leader>00606cz  a2200157n  4500</leader>
  <controlfield tag="001">n 2013009979</controlfield>
  <controlfield tag="003">DLC</controlfield>
  <controlfield tag="005">20130226074846.0</controlfield>
  <controlfield tag="008">130225n| azannaabn          |a ana      </controlfield>
  <datafield tag="010" ind1=" " ind2=" ">
    <subfield code="a">n 2013009979</subfield>
  </datafield>
  <datafield tag="040" ind1=" " ind2=" ">
    <subfield code="a">DLC</subfield>
    <subfield code="b">eng</subfield>
    <subfield code="e">rda</subfield>
    <subfield code="c">DLC</subfield>
  </datafield>
  <datafield tag="046" ind1=" " ind2=" ">
    <subfield code="s">1925</subfield>
    <subfield code="t">1992</subfield>
  </datafield>
  <datafield tag="110" ind1="2" ind2=" ">
    <subfield code="a">TajikTA</subfield>
  </datafield>
  <datafield tag="377" ind1=" " ind2=" ">
    <subfield code="a">tgk</subfield>
  </datafield>
  <datafield tag="510" ind1="2" ind2=" ">
    <subfield code="w">r</subfield>
    <subfield code="i">Successor:</subfield>
    <subfield code="a">Agentii Millii Ittilootii Tojikiston "Khovar" dar nazdi HĚukumati Jumkhurii Tojikiston</subfield>
  </datafield>
  <datafield tag="670" ind1=" " ind2=" ">
    <subfield code="a">Nabzi "Khovar", 2006:</subfield>
    <subfield code="b">title page verso (Agentii Millii Ittilootii Tojikiston "Khovar" dar nazdi HĚukumati Jumkhurii Tojikiston ; Since 1992 known as TajikTA) page 12 (established 1925)</subfield>
  </datafield>
</record>